<SRU:record><SRU:recordSchema>info:lc/xmlns/marcxchange-v1</SRU:recordSchema><SRU:recordPacking>xml</SRU:recordPacking><SRU:recordData><marcxchange:record format="normarc" type="Bibliographic" xmlns:marcxchange="info:lc/xmlns/marcxchange-v1"><marcxchange:leader>01514nam  2200445   4500</marcxchange:leader><marcxchange:controlfield tag="001">218774</marcxchange:controlfield><marcxchange:controlfield tag="008">140626                a          00nob</marcxchange:controlfield><marcxchange:datafield tag="015" ind1=" " ind2=" "><marcxchange:subfield code="a">10125310</marcxchange:subfield><marcxchange:subfield code="b">BibliofilID</marcxchange:subfield></marcxchange:datafield><marcxchange:datafield tag="019" ind1=" " ind2=" "><marcxchange:subfield code="b">dc,dj</marcxchange:subfield></marcxchange:datafield><marcxchange:datafield tag="020" ind1=" " ind2=" "><marcxchange:subfield code="a">978-82-16-15092-4</marcxchange:subfield></marcxchange:datafield><marcxchange:datafield tag="082" ind1="3" ind2=" "><marcxchange:subfield code="a">306.3</marcxchange:subfield></marcxchange:datafield><marcxchange:datafield tag="090" ind1=" " ind2=" "><marcxchange:subfield code="a">218774</marcxchange:subfield></marcxchange:datafield><marcxchange:datafield tag="245" ind1="1" ind2="0"><marcxchange:subfield code="a">Forbrukersosiologi</marcxchange:subfield><marcxchange:subfield code="h">daisy 2.02</marcxchange:subfield><marcxchange:subfield code="c">Gerhard E. Schjelderup og Morten W. Knudsen (red.)</marcxchange:subfield><marcxchange:subfield code="b">makt, tegn og mening i forbrukersamfunnet</marcxchange:subfield></marcxchange:datafield><marcxchange:datafield tag="260" ind1=" " ind2=" "><marcxchange:subfield code="a">Oslo</marcxchange:subfield><marcxchange:subfield code="b">Norsk lyd- og blindeskriftbibliotek</marcxchange:subfield><marcxchange:subfield code="c">2014</marcxchange:subfield></marcxchange:datafield><marcxchange:datafield tag="300" ind1=" " ind2=" "><marcxchange:subfield code="a">29 t. 43 min.</marcxchange:subfield></marcxchange:datafield><marcxchange:datafield tag="511" ind1=" " ind2=" "><marcxchange:subfield code="a">Brage Talesyntese</marcxchange:subfield></marcxchange:datafield><marcxchange:datafield tag="592" ind1=" " ind2=" "><marcxchange:subfield code="a">18/07/2014</marcxchange:subfield></marcxchange:datafield><marcxchange:datafield tag="596" ind1=" " ind2=" "><marcxchange:subfield code="a">Oslo</marcxchange:subfield><marcxchange:subfield code="b">Cappelen akademisk</marcxchange:subfield><marcxchange:subfield code="c">cop. 2007</marcxchange:subfield><marcxchange:subfield code="e">442 s.</marcxchange:subfield><marcxchange:subfield code="f">978-82-02-26798-8</marcxchange:subfield></marcxchange:datafield><marcxchange:datafield tag="650" ind1=" " ind2="1"><marcxchange:subfield code="a">Forbruk</marcxchange:subfield><marcxchange:subfield code="0">sosiologi</marcxchange:subfield><marcxchange:subfield code="1">306.3</marcxchange:subfield></marcxchange:datafield><marcxchange:datafield tag="650" ind1=" " ind2="1"><marcxchange:subfield code="a">Forbrukersamfunnet</marcxchange:subfield><marcxchange:subfield code="1">306.3</marcxchange:subfield></marcxchange:datafield><marcxchange:datafield tag="700" ind1="1" ind2="0"><marcxchange:subfield code="a">Bakken, Tore</marcxchange:subfield><marcxchange:subfield code="e">medf.</marcxchange:subfield></marcxchange:datafield><marcxchange:datafield tag="700" ind1="1" ind2="0"><marcxchange:subfield code="a">Bauman, Zygmunt</marcxchange:subfield><marcxchange:subfield code="e">medf.</marcxchange:subfield></marcxchange:datafield><marcxchange:datafield tag="700" ind1="1" ind2="0"><marcxchange:subfield code="a">Blindheim, Trond</marcxchange:subfield><marcxchange:subfield code="e">medf.</marcxchange:subfield></marcxchange:datafield><marcxchange:datafield tag="700" ind1="1" ind2="0"><marcxchange:subfield code="a">Brinkmann, Johannes</marcxchange:subfield><marcxchange:subfield code="e">medf.</marcxchange:subfield></marcxchange:datafield><marcxchange:datafield tag="700" ind1="1" ind2="0"><marcxchange:subfield code="a">Dulsrud, Arne</marcxchange:subfield><marcxchange:subfield code="e">medf.</marcxchange:subfield></marcxchange:datafield><marcxchange:datafield tag="700" ind1="1" ind2="0"><marcxchange:subfield code="a">Døving, Runar</marcxchange:subfield><marcxchange:subfield code="e">medf.</marcxchange:subfield></marcxchange:datafield><marcxchange:datafield tag="700" ind1="1" ind2="0"><marcxchange:subfield code="a">Jensen, Thor Øivind</marcxchange:subfield><marcxchange:subfield code="e">medf.</marcxchange:subfield></marcxchange:datafield><marcxchange:datafield tag="700" ind1="1" ind2="0"><marcxchange:subfield code="a">Knudsen, Morten William</marcxchange:subfield><marcxchange:subfield code="e">red.</marcxchange:subfield></marcxchange:datafield><marcxchange:datafield tag="700" ind1="1" ind2="0"><marcxchange:subfield code="a">Lien, Marianne Elisabeth</marcxchange:subfield><marcxchange:subfield code="e">medf.</marcxchange:subfield></marcxchange:datafield><marcxchange:datafield tag="700" ind1="1" ind2="0"><marcxchange:subfield code="a">Lippe, Berit von der</marcxchange:subfield><marcxchange:subfield code="e">medf.</marcxchange:subfield></marcxchange:datafield><marcxchange:datafield tag="700" ind1="1" ind2="0"><marcxchange:subfield code="a">Rolness, Kjetil</marcxchange:subfield><marcxchange:subfield code="e">medf.</marcxchange:subfield></marcxchange:datafield><marcxchange:datafield tag="700" ind1="1" ind2="0"><marcxchange:subfield code="a">Schjelderup, Gerhard Emil</marcxchange:subfield><marcxchange:subfield code="e">red.</marcxchange:subfield></marcxchange:datafield><marcxchange:datafield tag="700" ind1="1" ind2="0"><marcxchange:subfield code="a">Strømsnes, Kristin</marcxchange:subfield><marcxchange:subfield code="e">medf.</marcxchange:subfield></marcxchange:datafield><marcxchange:datafield tag="700" ind1="1" ind2="0"><marcxchange:subfield code="a">Svendsen, Lars Fr. H.</marcxchange:subfield><marcxchange:subfield code="e">medf.</marcxchange:subfield></marcxchange:datafield><marcxchange:datafield tag="700" ind1="1" ind2="0"><marcxchange:subfield code="a">Sørensen, Mads P.</marcxchange:subfield><marcxchange:subfield code="e">medf.</marcxchange:subfield></marcxchange:datafield><marcxchange:datafield tag="700" ind1="1" ind2="0"><marcxchange:subfield code="a">Tangen, Karl-Fredrik</marcxchange:subfield><marcxchange:subfield code="e">medf.</marcxchange:subfield></marcxchange:datafield><marcxchange:datafield tag="700" ind1="1" ind2="0"><marcxchange:subfield code="a">Theien, Iselin</marcxchange:subfield><marcxchange:subfield code="e">medf.</marcxchange:subfield></marcxchange:datafield><marcxchange:datafield tag="700" ind1="1" ind2="0"><marcxchange:subfield code="a">Østerberg, Dag</marcxchange:subfield><marcxchange:subfield code="e">medf.</marcxchange:subfield></marcxchange:datafield><marcxchange:datafield tag="850" ind1=" " ind2=" "><marcxchange:subfield code="a">2030251</marcxchange:subfield><marcxchange:subfield code="b">Studie Oslo</marcxchange:subfield><marcxchange:subfield code="f">9</marcxchange:subfield><marcxchange:subfield code="h">4</marcxchange:subfield><marcxchange:subfield code="x">2014-08-05T10:19+0200</marcxchange:subfield><marcxchange:subfield code="y">1900-01-18</marcxchange:subfield></marcxchange:datafield><marcxchange:datafield tag="850" ind1=" " ind2=" "><marcxchange:subfield code="a">2030251</marcxchange:subfield><marcxchange:subfield code="b">Studie Oslo</marcxchange:subfield><marcxchange:subfield code="f">9</marcxchange:subfield><marcxchange:subfield code="h">4</marcxchange:subfield><marcxchange:subfield code="x">2014-08-05T10:19+0200</marcxchange:subfield><marcxchange:subfield code="y">1900-01-18</marcxchange:subfield></marcxchange:datafield><marcxchange:datafield tag="850" ind1=" " ind2=" "><marcxchange:subfield code="a">2030251</marcxchange:subfield><marcxchange:subfield code="b">Studie Oslo</marcxchange:subfield><marcxchange:subfield code="f">9</marcxchange:subfield><marcxchange:subfield code="h">9</marcxchange:subfield><marcxchange:subfield code="x">2014-08-05T10:19+0200</marcxchange:subfield></marcxchange:datafield><marcxchange:datafield tag="850" ind1=" " ind2=" "><marcxchange:subfield code="a">2030251</marcxchange:subfield><marcxchange:subfield code="b">Studie Oslo</marcxchange:subfield><marcxchange:subfield code="f">9</marcxchange:subfield><marcxchange:subfield code="h">9</marcxchange:subfield><marcxchange:subfield code="x">2014-08-05T10:19+0200</marcxchange:subfield></marcxchange:datafield><marcxchange:datafield tag="850" ind1=" " ind2=" "><marcxchange:subfield code="a">2030251</marcxchange:subfield><marcxchange:subfield code="b">Studie Oslo</marcxchange:subfield><marcxchange:subfield code="f">9</marcxchange:subfield><marcxchange:subfield code="h">9</marcxchange:subfield><marcxchange:subfield code="x">2014-08-05T10:19+0200</marcxchange:subfield></marcxchange:datafield><marcxchange:datafield tag="856" ind1=" " ind2=" "><marcxchange:subfield code="u">URN:NBN:no-nb_nlb_</marcxchange:subfield><marcxchange:subfield code="s">417869832</marcxchange:subfield></marcxchange:datafield><marcxchange:datafield tag="996" ind1=" " ind2=" "><marcxchange:subfield code="u">http://websok.nlb.no/cgi-bin/websok?tnr=218774</marcxchange:subfield><marcxchange:subfield code="t">local</marcxchange:subfield></marcxchange:datafield></marcxchange:record></SRU:recordData><SRU:recordPosition>4</SRU:recordPosition></SRU:record>