<SRU:record><SRU:recordSchema>info:lc/xmlns/marcxchange-v1</SRU:recordSchema><SRU:recordPacking>xml</SRU:recordPacking><SRU:recordData><marcxchange:record format="normarc" type="Bibliographic" xmlns:marcxchange="info:lc/xmlns/marcxchange-v1"><marcxchange:leader>01464nam  2200421   4500</marcxchange:leader><marcxchange:controlfield tag="001">218567</marcxchange:controlfield><marcxchange:controlfield tag="008">140522                a          00nob</marcxchange:controlfield><marcxchange:datafield tag="015" ind1=" " ind2=" "><marcxchange:subfield code="a">10103853</marcxchange:subfield><marcxchange:subfield code="b">BibliofilID</marcxchange:subfield></marcxchange:datafield><marcxchange:datafield tag="019" ind1=" " ind2=" "><marcxchange:subfield code="b">dc,dj</marcxchange:subfield></marcxchange:datafield><marcxchange:datafield tag="020" ind1=" " ind2=" "><marcxchange:subfield code="a">978-82-16-15076-4</marcxchange:subfield></marcxchange:datafield><marcxchange:datafield tag="082" ind1="3" ind2=" "><marcxchange:subfield code="a">371.9046</marcxchange:subfield></marcxchange:datafield><marcxchange:datafield tag="090" ind1=" " ind2=" "><marcxchange:subfield code="a">218567</marcxchange:subfield></marcxchange:datafield><marcxchange:datafield tag="245" ind1=" " ind2=" "><marcxchange:subfield code="a">Inkluderende praksis</marcxchange:subfield><marcxchange:subfield code="h">daisy 2.02</marcxchange:subfield><marcxchange:subfield code="b">gode erfaringer fra barnehage, skole og fritid</marcxchange:subfield><marcxchange:subfield code="c">Lise Lundh, Herlaug Hjelmbrekke og Signhild Skogdal (red.)</marcxchange:subfield></marcxchange:datafield><marcxchange:datafield tag="260" ind1=" " ind2=" "><marcxchange:subfield code="a">Oslo</marcxchange:subfield><marcxchange:subfield code="b">Norsk lyd- og blindeskriftbibliotek</marcxchange:subfield><marcxchange:subfield code="c">2014</marcxchange:subfield></marcxchange:datafield><marcxchange:datafield tag="300" ind1=" " ind2=" "><marcxchange:subfield code="a">13 t. 14 min.</marcxchange:subfield></marcxchange:datafield><marcxchange:datafield tag="511" ind1=" " ind2=" "><marcxchange:subfield code="a">Geir Morstad</marcxchange:subfield></marcxchange:datafield><marcxchange:datafield tag="592" ind1=" " ind2=" "><marcxchange:subfield code="a">08/07/2014</marcxchange:subfield></marcxchange:datafield><marcxchange:datafield tag="596" ind1=" " ind2=" "><marcxchange:subfield code="a">Oslo</marcxchange:subfield><marcxchange:subfield code="b">Universitetsforl.</marcxchange:subfield><marcxchange:subfield code="c">cop. 2014</marcxchange:subfield><marcxchange:subfield code="e">232 s.</marcxchange:subfield><marcxchange:subfield code="f">978-82-15-02178-2</marcxchange:subfield></marcxchange:datafield><marcxchange:datafield tag="650" ind1=" " ind2="1"><marcxchange:subfield code="a">Funksjonshemmede barn</marcxchange:subfield><marcxchange:subfield code="x">Integrering</marcxchange:subfield><marcxchange:subfield code="0">pedagogikk</marcxchange:subfield><marcxchange:subfield code="1">371.9046</marcxchange:subfield></marcxchange:datafield><marcxchange:datafield tag="700" ind1="1" ind2="0"><marcxchange:subfield code="a">Befring, Edvard</marcxchange:subfield><marcxchange:subfield code="j">n.</marcxchange:subfield><marcxchange:subfield code="e">medf.</marcxchange:subfield></marcxchange:datafield><marcxchange:datafield tag="700" ind1="1" ind2="0"><marcxchange:subfield code="a">Berg, Marit Notvik</marcxchange:subfield><marcxchange:subfield code="e">medf.</marcxchange:subfield></marcxchange:datafield><marcxchange:datafield tag="700" ind1="1" ind2="0"><marcxchange:subfield code="a">Berg-Olsen, Einar</marcxchange:subfield><marcxchange:subfield code="e">medf.</marcxchange:subfield></marcxchange:datafield><marcxchange:datafield tag="700" ind1="1" ind2="0"><marcxchange:subfield code="a">Grønnæss, Anne</marcxchange:subfield><marcxchange:subfield code="e">medf.</marcxchange:subfield></marcxchange:datafield><marcxchange:datafield tag="700" ind1="1" ind2="0"><marcxchange:subfield code="a">Hjelmbrekke, Herlaug</marcxchange:subfield><marcxchange:subfield code="e">medf.</marcxchange:subfield></marcxchange:datafield><marcxchange:datafield tag="700" ind1="1" ind2="0"><marcxchange:subfield code="a">Hjelmbrekke, Herlaug</marcxchange:subfield><marcxchange:subfield code="e">red.</marcxchange:subfield></marcxchange:datafield><marcxchange:datafield tag="700" ind1="1" ind2="0"><marcxchange:subfield code="a">Jakobsen, Bjørg Vaagen</marcxchange:subfield><marcxchange:subfield code="e">medf.</marcxchange:subfield></marcxchange:datafield><marcxchange:datafield tag="700" ind1="1" ind2="0"><marcxchange:subfield code="a">Kristiansen, John-Ingvard</marcxchange:subfield><marcxchange:subfield code="e">medf.</marcxchange:subfield></marcxchange:datafield><marcxchange:datafield tag="700" ind1="1" ind2="0"><marcxchange:subfield code="a">Lippestad, Geir</marcxchange:subfield><marcxchange:subfield code="j">n.</marcxchange:subfield><marcxchange:subfield code="e">medf.</marcxchange:subfield></marcxchange:datafield><marcxchange:datafield tag="700" ind1="1" ind2="0"><marcxchange:subfield code="a">Lundh, Lise</marcxchange:subfield><marcxchange:subfield code="e">medf.</marcxchange:subfield></marcxchange:datafield><marcxchange:datafield tag="700" ind1="1" ind2="0"><marcxchange:subfield code="a">Lundh, Lise</marcxchange:subfield><marcxchange:subfield code="e">red.</marcxchange:subfield></marcxchange:datafield><marcxchange:datafield tag="700" ind1="1" ind2="0"><marcxchange:subfield code="a">Nytrø, Siv Hege</marcxchange:subfield><marcxchange:subfield code="e">medf.</marcxchange:subfield></marcxchange:datafield><marcxchange:datafield tag="700" ind1="1" ind2="0"><marcxchange:subfield code="a">Sandmel, Thor</marcxchange:subfield><marcxchange:subfield code="e">medf.</marcxchange:subfield></marcxchange:datafield><marcxchange:datafield tag="700" ind1="1" ind2="0"><marcxchange:subfield code="a">Skogdal, Elin</marcxchange:subfield><marcxchange:subfield code="e">medf.</marcxchange:subfield></marcxchange:datafield><marcxchange:datafield tag="700" ind1="1" ind2="0"><marcxchange:subfield code="a">Skogdal, Signhild</marcxchange:subfield><marcxchange:subfield code="e">medf.</marcxchange:subfield></marcxchange:datafield><marcxchange:datafield tag="700" ind1="1" ind2="0"><marcxchange:subfield code="a">Skogdal, Signhild</marcxchange:subfield><marcxchange:subfield code="e">red.</marcxchange:subfield></marcxchange:datafield><marcxchange:datafield tag="700" ind1="1" ind2="0"><marcxchange:subfield code="a">Svendsen, Lars Fr. H.</marcxchange:subfield><marcxchange:subfield code="e">medf.</marcxchange:subfield></marcxchange:datafield><marcxchange:datafield tag="850" ind1=" " ind2=" "><marcxchange:subfield code="a">2030251</marcxchange:subfield><marcxchange:subfield code="b">Studie Oslo</marcxchange:subfield><marcxchange:subfield code="f">9</marcxchange:subfield><marcxchange:subfield code="h">4</marcxchange:subfield><marcxchange:subfield code="x">2014-08-05T10:19+0200</marcxchange:subfield><marcxchange:subfield code="y">1900-01-05</marcxchange:subfield></marcxchange:datafield><marcxchange:datafield tag="850" ind1=" " ind2=" "><marcxchange:subfield code="a">2030251</marcxchange:subfield><marcxchange:subfield code="b">Studie Oslo</marcxchange:subfield><marcxchange:subfield code="f">9</marcxchange:subfield><marcxchange:subfield code="h">4</marcxchange:subfield><marcxchange:subfield code="x">2014-08-05T10:19+0200</marcxchange:subfield><marcxchange:subfield code="y">1900-01-06</marcxchange:subfield></marcxchange:datafield><marcxchange:datafield tag="850" ind1=" " ind2=" "><marcxchange:subfield code="a">2030251</marcxchange:subfield><marcxchange:subfield code="b">Studie Oslo</marcxchange:subfield><marcxchange:subfield code="f">9</marcxchange:subfield><marcxchange:subfield code="h">9</marcxchange:subfield><marcxchange:subfield code="x">2014-08-05T10:19+0200</marcxchange:subfield></marcxchange:datafield><marcxchange:datafield tag="850" ind1=" " ind2=" "><marcxchange:subfield code="a">2030251</marcxchange:subfield><marcxchange:subfield code="b">Studie Oslo</marcxchange:subfield><marcxchange:subfield code="f">9</marcxchange:subfield><marcxchange:subfield code="h">9</marcxchange:subfield><marcxchange:subfield code="x">2014-08-05T10:19+0200</marcxchange:subfield></marcxchange:datafield><marcxchange:datafield tag="850" ind1=" " ind2=" "><marcxchange:subfield code="a">2030251</marcxchange:subfield><marcxchange:subfield code="b">Studie Oslo</marcxchange:subfield><marcxchange:subfield code="f">9</marcxchange:subfield><marcxchange:subfield code="h">9</marcxchange:subfield><marcxchange:subfield code="x">2014-08-05T10:19+0200</marcxchange:subfield></marcxchange:datafield><marcxchange:datafield tag="856" ind1=" " ind2=" "><marcxchange:subfield code="u">URN:NBN:no-nb_nlb_</marcxchange:subfield><marcxchange:subfield code="s">297739021</marcxchange:subfield></marcxchange:datafield><marcxchange:datafield tag="996" ind1=" " ind2=" "><marcxchange:subfield code="u">http://websok.nlb.no/cgi-bin/websok?tnr=218567</marcxchange:subfield><marcxchange:subfield code="t">local</marcxchange:subfield></marcxchange:datafield></marcxchange:record></SRU:recordData><SRU:recordPosition>9</SRU:recordPosition></SRU:record>